<record xmlns="http://www.loc.gov/MARC21/slim">
   <leader>01480cjm a2200337 a 4500</leader>
   <controlfield tag="001">1369450</controlfield>
   <controlfield tag="007">sd bumennmpluu</controlfield>
   <controlfield tag="008">910409s1985    caujz               eng c</controlfield>
   <datafield ind1="0" ind2="1" tag="028">
      <subfield code="a">CJ-267</subfield>
      <subfield code="b">Concord Jazz</subfield>
   </datafield>
   <datafield ind1="0" ind2="1" tag="028">
      <subfield code="a">267</subfield>
      <subfield code="b">Concord Jazz</subfield>
   </datafield>
   <datafield ind1=" " ind2=" " tag="035">
      <subfield code="a">ocm12707003</subfield>
   </datafield>
   <datafield ind1=" " ind2=" " tag="040">
      <subfield code="b">eng</subfield>
   </datafield>
   <datafield ind1=" " ind2=" " tag="049">
      <subfield code="a">AEU</subfield>
      <subfield code="b">eng</subfield>
   </datafield>
   <datafield ind1=" " ind2="3" tag="055">
      <subfield code="a">M 1366 F852</subfield>
      <subfield code="b">H812 1985</subfield>
   </datafield>
   <datafield ind1="0" ind2=" " tag="090">
      <subfield code="a">M 1366 F852 H812 1985</subfield>
   </datafield>
   <datafield ind1="2" ind2=" " tag="110">
      <subfield code="a">Fred Hersch Trio.</subfield>
   </datafield>
   <datafield ind1="1" ind2="0" tag="245">
      <subfield code="a">Horizons</subfield>
      <subfield code="h">[sound recording] /</subfield>
      <subfield code="c">Fred Hersch Trio.</subfield>
   </datafield>
   <datafield ind1=" " ind2=" " tag="260">
      <subfield code="a">Concord, CA :</subfield>
      <subfield code="b">Concord Jazz,</subfield>
      <subfield code="c">p1985.</subfield>
   </datafield>
   <datafield ind1=" " ind2=" " tag="300">
      <subfield code="a">1 sound disc :</subfield>
      <subfield code="b">analog, 33 1/3 rpm ;</subfield>
      <subfield code="c">12 in.</subfield>
   </datafield>
   <datafield ind1=" " ind2=" " tag="336">
      <subfield code="a">performed music</subfield>
      <subfield code="b">prm</subfield>
      <subfield code="2">rdacontent</subfield>
   </datafield>
   <datafield ind1=" " ind2=" " tag="337">
      <subfield code="a">audio</subfield>
      <subfield code="b">s</subfield>
      <subfield code="2">rdamedia</subfield>
   </datafield>
   <datafield ind1=" " ind2=" " tag="338">
      <subfield code="a">audio disc</subfield>
      <subfield code="b">sd</subfield>
      <subfield code="2">rdacarrier</subfield>
   </datafield>
   <datafield ind1=" " ind2=" " tag="500">
      <subfield code="a">Concord Jazz: CJ-267.</subfield>
   </datafield>
   <datafield ind1="0" ind2=" " tag="505">
      <subfield code="a">My heart stood still / Richard Rodgers, Lorenz Hart (6:24) -- Moon and sand / Bill Engvick, Morty Palitz, Alec Wilder (7:43) -- The star crossed lovers / Duke Ellington, Billy Strayhorn (5:00) -- One finger snap / Herbie Hancock (3:22) -- The surrey with the fringe on top / Richard Rodgers, Oscar Hammerstein II (5:00) -- Miyako / Wayne Shorter (7:43) -- Cloudless sky / Fred Hersch (8:04)</subfield>
   </datafield>
   <datafield ind1="0" ind2=" " tag="511">
      <subfield code="a">Fred Hersch, piano ; Marc Johnson, bass ; Joey Baron, drums.</subfield>
   </datafield>
   <datafield ind1=" " ind2=" " tag="596">
      <subfield code="a">38</subfield>
   </datafield>
   <datafield ind1=" " ind2="0" tag="650">
      <subfield code="a">Jazz.</subfield>
   </datafield>
   <datafield ind1="1" ind2=" " tag="700">
      <subfield code="a">Hersch, Fred.</subfield>
   </datafield>
   <datafield ind1="1" ind2=" " tag="700">
      <subfield code="a">Johnson, Marc,</subfield>
      <subfield code="d">1953-</subfield>
   </datafield>
   <datafield ind1="1" ind2=" " tag="700">
      <subfield code="a">Baron, Joey.</subfield>
   </datafield>
   <datafield ind1=" " ind2=" " tag="926">
      <subfield code="a">M 1366 F852 H812 1985</subfield>
      <subfield code="w">LC</subfield>
      <subfield code="c">1</subfield>
      <subfield code="i">000036117794</subfield>
      <subfield code="l">ON_SHELF</subfield>
      <subfield code="m">UABARD</subfield>
      <subfield code="p">$150.00</subfield>
      <subfield code="r">Y</subfield>
      <subfield code="s">Y</subfield>
      <subfield code="t">MUSICSOUND</subfield>
      <subfield code="u">4/11/1991</subfield>
      <subfield code="o">.STAFF. C0013601</subfield>
   </datafield>
</record>
